@inproceedings{PellizzoniPP20,
	author = {P. Pellizzoni and A. Pietracaprina and G. Pucci},
	booktitle = {Proc. {DSAA}},
	pages = {197--206},
	title = {Dimensionality-adaptive k-center in sliding windows},
	year = {2020}}

@inproceedings{CeccarelloPPU16,
  author    = {M. Ceccarello and
               A. Pietracaprina and
               G. Pucci and
               E. Upfal},
  title     = {A Practical Parallel Algorithm for Diameter Approximation of Massive Weighted Graphs},
  booktitle = {Proc. {IEEE} IPDPS},
  pages     = {12--21},
  year      = {2016}
}

@article{CeccarelloPPU17,
	author = {M. Ceccarello and A. Pietracaprina and G. Pucci and E. Upfal},
	journal = {Proc. {VLDB} Endow.},
	number = {5},
	pages = {469--480},
	title = {{MapReduce} and Streaming Algorithms for Diversity Maximization in Metric Spaces of Bounded Doubling Dimension},
	volume = {10},
	year = {2017}}

@article{GottliebKK14,
	author = {L-A. Gottlieb and A. Kontorovich and R. Krauthgamer},
	journal = {{IEEE} Trans. Information Theory},
	number = 9,
	pages = {5750--5759},
	title = {Efficient Classification for Metric Data},
	volume = 60,
	year = 2014}

@inproceedings{DBLP:conf/nips/HarbL20,
  author       = {Elfarouk Harb and
                  Ho Shan Lam},
  title        = {{KFC:} {A} Scalable Approximation Algorithm for {\textdollar}k{\textdollar}-center
                  Fair Clustering},
  booktitle    = {NeurIPS},
  year         = {2020}
}



@inproceedings{DBLP:conf/www/BeraDGK22,
  author       = {Suman K. Bera and
                  Syamantak Das and
                  Sainyam Galhotra and
                  Sagar Sudhir Kale},
  title        = {Fair k-Center Clustering in MapReduce and Streaming Settings},
  booktitle    = {{WWW}},
  pages        = {1414--1422},
  publisher    = {{ACM}},
  year         = {2022}
}



@inproceedings{DBLP:conf/nips/BeraCFN19,
  author       = {Suman Kalyan Bera and
                  Deeparnab Chakrabarty and
                  Nicolas Flores and
                  Maryam Negahbani},
  title        = {Fair Algorithms for Clustering},
  booktitle    = {NeurIPS},
  pages        = {4955--4966},
  year         = {2019}
}



@article{DBLP:journals/pvldb/CeccarelloPP19,
  author       = {Matteo Ceccarello and
                  Andrea Pietracaprina and
                  Geppino Pucci},
  title        = {Solving k-center Clustering (with Outliers) in MapReduce and Streaming,
                  almost as Accurately as Sequentially},
  journal      = {Proc. {VLDB} Endow.},
  volume       = {12},
  number       = {7},
  pages        = {766--778},
  year         = {2019}
}



@inproceedings{DBLP:conf/nips/Chierichetti0LV17,
  author       = {Flavio Chierichetti and
                  Ravi Kumar and
                  Silvio Lattanzi and
                  Sergei Vassilvitskii},
  title        = {Fair Clustering Through Fairlets},
  booktitle    = {{NIPS}},
  pages        = {5029--5037},
  year         = {2017}
}



@inproceedings{DBLP:conf/approx/Bercea0KKRS019,
  author       = {Ioana Oriana Bercea and
                  Martin Gro{\ss} and
                  Samir Khuller and
                  Aounon Kumar and
                  Clemens R{\"{o}}sner and
                  Daniel R. Schmidt and
                  Melanie Schmidt},
  title        = {On the Cost of Essentially Fair Clusterings},
  booktitle    = {{APPROX-RANDOM}},
  series       = {LIPIcs},
  volume       = {145},
  pages        = {18:1--18:22},
  publisher    = {Schloss Dagstuhl - Leibniz-Zentrum f{\"{u}}r Informatik},
  year         = {2019}
}



@inproceedings{DBLP:conf/icml/BackursIOSVW19,
  author       = {Arturs Backurs and
                  Piotr Indyk and
                  Krzysztof Onak and
                  Baruch Schieber and
                  Ali Vakilian and
                  Tal Wagner},
  title        = {Scalable Fair Clustering},
  booktitle    = {{ICML}},
  series       = {Proceedings of Machine Learning Research},
  volume       = {97},
  pages        = {405--413},
  publisher    = {{PMLR}},
  year         = {2019}
}



@inproceedings{DBLP:conf/kdd/AhmadianE0M19,
  author       = {Sara Ahmadian and
                  Alessandro Epasto and
                  Ravi Kumar and
                  Mohammad Mahdian},
  title        = {Clustering without Over-Representation},
  booktitle    = {{KDD}},
  pages        = {267--275},
  publisher    = {{ACM}},
  year         = {2019}
}



@inproceedings{DBLP:conf/waoa/0001SS19,
  author       = {Melanie Schmidt and
                  Chris Schwiegelshohn and
                  Christian Sohler},
  title        = {Fair Coresets and Streaming Algorithms for Fair k-means},
  booktitle    = {{WAOA}},
  series       = {Lecture Notes in Computer Science},
  volume       = {11926},
  pages        = {232--251},
  publisher    = {Springer},
  year         = {2019}
}



@inproceedings{DBLP:conf/nips/HuangJV19,
  author       = {Lingxiao Huang and
                  Shaofeng H.{-}C. Jiang and
                  Nisheeth K. Vishnoi},
  title        = {Coresets for Clustering with Fairness Constraints},
  booktitle    = {NeurIPS},
  pages        = {7587--7598},
  year         = {2019}
}



@article{DBLP:journals/mp/JiaSS22,
  author       = {Xinrui Jia and
                  Kshiteej Sheth and
                  Ola Svensson},
  title        = {Fair colorful k-center clustering},
  journal      = {Math. Program.},
  volume       = {192},
  number       = {1},
  pages        = {339--360},
  year         = {2022}
}



@inproceedings{DBLP:conf/esa/Bandyapadhyay0P19,
  author       = {Sayan Bandyapadhyay and
                  Tanmay Inamdar and
                  Shreyas Pai and
                  Kasturi R. Varadarajan},
  title        = {A Constant Approximation for Colorful k-Center},
  booktitle    = {{ESA}},
  series       = {LIPIcs},
  volume       = {144},
  pages        = {12:1--12:14},
  publisher    = {Schloss Dagstuhl - Leibniz-Zentrum f{\"{u}}r Informatik},
  year         = {2019}
}



@article{DBLP:journals/mp/AneggAKZ22,
  author       = {Georg Anegg and
                  Haris Angelidakis and
                  Adam Kurpisz and
                  Rico Zenklusen},
  title        = {A technique for obtaining true approximations for k-center with covering
                  constraints},
  journal      = {Math. Program.},
  volume       = {192},
  number       = {1},
  pages        = {3--27},
  year         = {2022}
}



@inproceedings{DBLP:conf/icalp/Rosner018,
  author       = {Clemens R{\"{o}}sner and
                  Melanie Schmidt},
  title        = {Privacy Preserving Clustering with Constraints},
  booktitle    = {{ICALP}},
  series       = {LIPIcs},
  volume       = {107},
  pages        = {96:1--96:14},
  publisher    = {Schloss Dagstuhl - Leibniz-Zentrum f{\"{u}}r Informatik},
  year         = {2018}
}



@inproceedings{DBLP:conf/soda/CharikarKMN01,
  author       = {Moses Charikar and
                  Samir Khuller and
                  David M. Mount and
                  Giri Narasimhan},
  title        = {Algorithms for facility location problems with outliers},
  booktitle    = {{SODA}},
  pages        = {642--651},
  publisher    = {{ACM/SIAM}},
  year         = {2001}
}

@article{DBLP:journals/tcs/Gonzalez85,
  author       = {Teofilo F. Gonzalez},
  title        = {Clustering to Minimize the Maximum Intercluster Distance},
  journal      = {Theor. Comput. Sci.},
  volume       = {38},
  pages        = {293--306},
  year         = {1985}
}

@article{DBLP:journals/cacm/DeanG08,
  author       = {Jeffrey Dean and
                  Sanjay Ghemawat},
  title        = {MapReduce: simplified data processing on large clusters},
  journal      = {Commun. {ACM}},
  volume       = {51},
  number       = {1},
  pages        = {107--113},
  year         = {2008},
  url          = {https://doi.org/10.1145/1327452.1327492},
  doi          = {10.1145/1327452.1327492},
  timestamp    = {Fri, 24 Mar 2023 16:31:07 +0100},
  biburl       = {https://dblp.org/rec/journals/cacm/DeanG08.bib},
  bibsource    = {dblp computer science bibliography, https://dblp.org}
}

@inproceedings{DBLP:conf/ics/PietracaprinaPRSU12,
  author       = {Andrea Pietracaprina and
                  Geppino Pucci and
                  Matteo Riondato and
                  Francesco Silvestri and
                  Eli Upfal},
  editor       = {Utpal Banerjee and
                  Kyle A. Gallivan and
                  Gianfranco Bilardi and
                  Manolis Katevenis},
  title        = {Space-round tradeoffs for MapReduce computations},
  booktitle    = {International Conference on Supercomputing, ICS'12, Venice, Italy,
                  June 25-29, 2012},
  pages        = {235--244},
  publisher    = {{ACM}},
  year         = {2012},
  url          = {https://doi.org/10.1145/2304576.2304607},
  doi          = {10.1145/2304576.2304607},
  timestamp    = {Mon, 16 Sep 2019 15:29:12 +0200},
  biburl       = {https://dblp.org/rec/conf/ics/PietracaprinaPRSU12.bib},
  bibsource    = {dblp computer science bibliography, https://dblp.org}
}

@article{DBLP:journals/jacm/BeameKS17,
  author       = {Paul Beame and
                  Paraschos Koutris and
                  Dan Suciu},
  title        = {Communication Steps for Parallel Query Processing},
  journal      = {J. {ACM}},
  volume       = {64},
  number       = {6},
  pages        = {40:1--40:58},
  year         = {2017},
  url          = {https://doi.org/10.1145/3125644},
  doi          = {10.1145/3125644},
  timestamp    = {Tue, 06 Nov 2018 12:51:45 +0100},
  biburl       = {https://dblp.org/rec/journals/jacm/BeameKS17.bib},
  bibsource    = {dblp computer science bibliography, https://dblp.org}
}

@article{DBLP:journals/siamcomp/CharikarCFM04,
  author       = {Moses Charikar and
                  Chandra Chekuri and
                  Tom{\'{a}}s Feder and
                  Rajeev Motwani},
  title        = {Incremental Clustering and Dynamic Information Retrieval},
  journal      = {{SIAM} J. Comput.},
  volume       = {33},
  number       = {6},
  pages        = {1417--1440},
  year         = {2004},
  url          = {https://doi.org/10.1137/S0097539702418498},
  doi          = {10.1137/S0097539702418498},
  timestamp    = {Thu, 02 Jan 2020 12:13:44 +0100},
  biburl       = {https://dblp.org/rec/journals/siamcomp/CharikarCFM04.bib},
  bibsource    = {dblp computer science bibliography, https://dblp.org}
}



@inproceedings{DBLP:conf/kdd/FeldmanFMSV15,
  author       = {Michael Feldman and
                  Sorelle A. Friedler and
                  John Moeller and
                  Carlos Scheidegger and
                  Suresh Venkatasubramanian},
  editor       = {Longbing Cao and
                  Chengqi Zhang and
                  Thorsten Joachims and
                  Geoffrey I. Webb and
                  Dragos D. Margineantu and
                  Graham Williams},
  title        = {Certifying and Removing Disparate Impact},
  booktitle    = {Proceedings of the 21th {ACM} {SIGKDD} International Conference on
                  Knowledge Discovery and Data Mining, Sydney, NSW, Australia, August
                  10-13, 2015},
  pages        = {259--268},
  publisher    = {{ACM}},
  year         = {2015},
  url          = {https://doi.org/10.1145/2783258.2783311},
  doi          = {10.1145/2783258.2783311},
  timestamp    = {Mon, 26 Jun 2023 20:40:36 +0200},
  biburl       = {https://dblp.org/rec/conf/kdd/FeldmanFMSV15.bib},
  bibsource    = {dblp computer science bibliography, https://dblp.org}
}


